@inproceedings{bridges2002compactness,
  title={Compactness and continuity, constructively revisited},
  author={Bridges, Douglas and Ishihara, Hajime and Schuster, Peter},
  booktitle={Computer Science Logic},
  pages={89--102},
  year={2002},
  organization={Springer}
}

@inproceedings{EscardoSimpson:01,
  author    = {Mart\'{\i}n H{\"o}tzel Escard{\'o} and Alex K. Simpson},
  title     = {A Universal Characterization of the Closed Euclidean Interval},
  booktitle = {LICS},
  year      = {2001},
  pages     = {115-125},
  ee        = {http://doi.ieeecomputersociety.org/10.1109/LICS.2001.932488},
  crossref  = {DBLP:conf/lics/2001},
  bibsource = {DBLP, http://dblp.uni-trier.de}
}

@proceedings{DBLP:conf/lics/2001,
  title     = {16th Annual IEEE Symposium on Logic in Computer Science,
               Boston, Massachusetts, USA, June 16-19, 2001, Proceedings},
  booktitle = {LICS},
  publisher = {IEEE Computer Society},
  year      = {2001},
  isbn      = {0-7695-1281-X},
  bibsource = {DBLP, http://dblp.uni-trier.de}
}

@Book{knuth74:_surreal_number,
  author =    {Knuth, Donald Ervin},
  title =        {Surreal Numbers},
  publisher =    {Addison-Wesley },
  year =         1974}

@article{Diaconescu,
    AUTHOR = {Diaconescu, Radu},
     TITLE = {Axiom of choice and complementation},
   JOURNAL = {Proc. Amer. Math. Soc.},
    VOLUME = {51},
      YEAR = {1975},
     PAGES = {176--178},
}

@book{Bishop1967,
    AUTHOR = {Bishop, E.},
     TITLE = {Foundations of constructive analysis},
 PUBLISHER = {McGraw-Hill Book Co.},
   ADDRESS = {New York},
      YEAR = {1967},
     PAGES = {xiii+370},
}

@misc{aczel2001notes,
  title={Notes on constructive set theory},
  author={Aczel, Peter and Rathjen, Michael},
  year={2001},
  publisher={Report}
}

@article {MoerdijkPalmgren2002,
    AUTHOR = {Moerdijk, Ieke and Palmgren, Erik},
     TITLE = {Type theories, toposes and constructive set theory:
              predicative aspects of {AST}},
   JOURNAL = {Ann. Pure Appl. Logic},
    VOLUME = {114},
      YEAR = {2002},
    NUMBER = {1-3},
     PAGES = {155--201},
       DOI = {10.1016/S0168-0072(01)00079-3},
       URL = {http://dx.doi.org/10.1016/S0168-0072(01)00079-3},
}

@book{jacobs1999categorical,
  title={Categorical logic and type theory},
  author={Jacobs, B.},
  volume={141},
  year={1999},
  publisher={Elsevier}
}

@unpublished{Universe-poly,
author={Vladimir Voevodsky},
title ={A universe polymorphic type system},
year=2012
}

@article{hofmann1998groupoid,
  title={The groupoid interpretation of type theory},
  author={Hofmann, M. and Streicher, T.},
  journal={Twenty-five years of constructive type theory (Venice, 1995)},
  volume={36},
  pages={83--111},
  year={1998}
}

@InProceedings{Altenkirch1999,
  author =       {Thorsten Altenkirch},
  title =        {Extensional Equality in Intensional Type Theory},
  booktitle =    {14th Symposium on Logic in Computer Science},
  year =         {1999},
  pages = {412 -- 420}
}

@article{pelayo2013preliminary,
  title={A preliminary univalent formalization of the p-adic numbers},
  author={Pelayo, {\'A}lvaro and Voevodsky, Vladimir and Warren, Michael A},
  journal={arXiv preprint arXiv:1302.1207},
  year={2013}
}

@article {Wilander2010,
    AUTHOR = {Wilander, Olov},
     TITLE = {Setoids and universes},
   JOURNAL = {Math. Structures Comput. Sci.},
    VOLUME = {20},
      YEAR = {2010},
    NUMBER = {4},
     PAGES = {563--576},
       DOI = {10.1017/S0960129510000071},
       URL = {http://dx.doi.org/10.1017/S0960129510000071},
}

@Book{Mines/R/R:1988,
  Author         = {Ray Mines and Fred Richman and Wim Ruitenburg},
  Title          = {A course in constructive algebra},
  Publisher      = {Springer-Verlag},
  year           = 1988
}

@article{coquand2012constructive,
  title={A Generalization of {T}akeuti-{G}andy Interpretation},
  author={B. Barras and T. Coquand  and S. Huber},
  year={2013}
}

@article{RijkeSpitters,
 title={Sets in homotopy type theory},
 author={Egbert Rijke and Bas Spitters},
 year=2013
}

@article{hedberg1998coherence,
  title={A coherence theorem for Martin-L{\"o}f's type theory},
  author={Hedberg, Michael},
  journal={Journal of Functional Programming},
  volume={8},
  number={4},
  pages={413--436},
  year={1998},
  publisher={Cambridge Univ Press}
}

@article{krausgeneralizations,
  title={Generalizations of Hedberg's Theorem},
  author={Kraus, Nicolai and Escard{\'o}, Mart{\i}n and Coquand, Thierry and Altenkirch, Thorsten},
year=2013,
  note = 	 {To appear in TLCA 2013}
}

@incollection{martinlof71itt,
title = "An Intuitionistic Theory of Types: Predicative Part",
editor = "H.E. Rose and J.C. Shepherdson",
booktitle = "Logic Colloquium '73, Proceedings of the Logic Colloquium",
publisher = "Elsevier",
year = "1975",
volume = "80",
pages = "73 - 118",
series = "Studies in Logic and the Foundations of Mathematics",
author = "Per Martin-L{\"{o}}f"
}

@ARTICLE{rezk01css,
  author = {Rezk, Charles},
  title = {A model for the homotopy theory of homotopy theory},
  journal = {Trans. Amer. Math. Soc.},
  year = {2001},
  volume = {353},
  pages = {973--1007 (electronic)},
  number = {3},
  coden = {TAMTAM},
  eprint = {arXiv:math.AT/9811037},
  fjournal = {Transactions of the American Mathematical Society},
  issn = {0002-9947}
}

@Unpublished{bsp12infncats,
  author = 	 {Clark Barwick and Christopher Schommer-Pries},
  title = 	 {On the Unicity of the Homotopy Theory of Higher Categories},
  note = 	 {arXiv:1112.0040}}


@INCOLLECTION{hs:gpd-typethy,
  author = {Hofmann, Martin and Streicher, Thomas},
  title = {The groupoid interpretation of type theory},
  booktitle = {Twenty-five years of constructive type theory ({V}enice, 1995)},
  publisher = {Oxford Univ. Press},
  year = {1998},
  volume = {36},
  series = {Oxford Logic Guides},
  pages = {83--111},
  address = {New York},
  mrclass = {03B15 (68N15 68Q55)},
  mrnumber = {MR1686862}
}

@article{bg:type-wkom,
author = {van den Berg, Benno and Garner, Richard}, 
title = {Types are weak $\omega$-groupoids}, 
volume = {102}, 
number = {2}, 
pages = {370-394}, 
year = {2011}, 
doi = {10.1112/plms/pdq026}, 
URL = {http://plms.oxfordjournals.org/content/102/2/370.abstract}, 
eprint = {http://plms.oxfordjournals.org/content/102/2/370.full.pdf+html}, 
journal = {Proceedings of the London Mathematical Society} 
}

@article{pll:wkom-type, 
title={Weak omega-categories from intensional type theory},
 volume={6}, url={http://www.springerlink.com/index/k5w4n04273035095.pdf},
 journal={Typed lambda calculi and applications}, 
 author={Lumsdaine, Peter Le{F}anu},
 year={2010},
 pages={1--19},
  note = 	 {arXiv:0812.0409}}

@inproceedings{lh:canonicity,
 author = {Licata, Daniel R. and Harper, Robert},
 title = {Canonicity for 2-dimensional type theory},
 booktitle = {Proceedings of the 39th annual ACM SIGPLAN-SIGACT symposium on Principles of programming languages},
 series = {POPL '12},
 year = {2012},
 isbn = {978-1-4503-1083-3},
 location = {Philadelphia, PA, USA},
 pages = {337--348},
 numpages = {12},
 url = {http://doi.acm.org/10.1145/2103656.2103697},
 doi = {10.1145/2103656.2103697},
 acmid = {2103697},
 publisher = {ACM},
 address = {New York, NY, USA},
 keywords = {category theory, dependent types, homotopy type theory, type theory},
}

@article {garner:depprod,
    AUTHOR = {Garner, Richard},
     TITLE = {On the strength of dependent products in the type theory of
              {M}artin-{L}\"of},
   JOURNAL = {Ann. Pure Appl. Logic},
  FJOURNAL = {Annals of Pure and Applied Logic},
    VOLUME = {160},
      YEAR = {2009},
    NUMBER = {1},
     PAGES = {1--12},
      ISSN = {0168-0072},
     CODEN = {APALD7},
   MRCLASS = {03B15},
  MRNUMBER = {2525970 (2010m:03016)},
       DOI = {10.1016/j.apal.2008.12.003},
       URL = {http://dx.doi.org/10.1016/j.apal.2008.12.003},
}

@Unpublished{klv:ssetmodel,
  author = 	 {Chris Kapulkin and Peter LeFanu Lumsdaine and Vladimir Voevodsky},
  title = 	 {The Simplicial Model of Univalent Foundations},
  note = 	 {arXiv:1211.2851},
  year = 	 2012}

@inproceedings{ls:pi1s1,
  author = 	 {Daniel R. Licata and Michael Shulman},
  title = 	 {Calculating the Fundamental Group of the Circle in Homotopy Type Theory},
  booktitle = 	 {{IEEE} {S}ymposium on {L}ogic in {C}omputer {S}cience},
  year = 	 {2013}}

@ARTICLE{ab:bracket-types,
  author = {Awodey, Steven and Bauer, Andrej},
  title = {Propositions as [types]},
  journal = {J. Logic Comput.},
  year = {2004},
  volume = {14},
  pages = {447--471},
  number = {4},
  doi = {10.1093/logcom/14.4.447},
  fjournal = {Journal of Logic and Computation},
  issn = {0955-792X},
  mrclass = {03B15 (03B20 03B45 18C50)},
  mrnumber = {MR2081047 (2005d:03015)},
  url = {http://dx.doi.org/10.1093/logcom/14.4.447}
}

@Unpublished{ls:hits,
  author = 	 {Peter LeFanu Lumsdaine and Michael Shulman},
  title = 	 {Higher inductive types},
  note = 	 {In preparation},
  year = 	 2013}

@InCollection{howard:pat,
  author = 	 {Howard, William A.},
  title = 	 {The formulae-as-types notion of construction},
  booktitle = 	 {To H.B. Curry: Essays on Combinatory Logic, Lambda Calculus and Formalism},
  pages = 	 {479--490},
  publisher = {Academic Press},
  year = 	 {1980},
  note = 	 {original paper manuscript from 1969},
  editor = 	 {Seldin, Jonathan P.; Hindley, J. Roger}}

@BOOK{lurie:higher-topoi,
  title = {Higher topos theory},
  publisher = {Princeton University Press},
  year = {2009},
  author = {Jacob Lurie},
  number = {170},
  series = {Annals of Mathematics Studies},
  eprint = {arXiv:math.CT/0608040}
}

@article{blass:freealg,
author = {Blass, Andreas},
journal = {Fundamenta Mathematicae},
language = {eng},
number = {2},
pages = {117-160},
publisher = {Institute of Mathematics Polish Academy of Sciences},
title = {Words, free algebras, and coequalizers},
url = {http://eudml.org/doc/211359},
volume = {117},
year = {1983},
}

@ARTICLE{gitik:unc-sing,
  author = {Gitik, M.},
  title = {All uncountable cardinals can be singular},
  journal = {Israel J. Math.},
  year = {1980},
  volume = {35},
  pages = {61--88},
  number = {1-2},
  coden = {ISJMAP},
  doi = {10.1007/BF02760939},
  fjournal = {Israel Journal of Mathematics},
  issn = {0021-2172},
  mrclass = {03E35 (03E10)},
  mrnumber = {MR576462 (81h:03096)},
  mrreviewer = {F. R. Drake},
  url = {http://dx.doi.org/10.1007/BF02760939}
}

@book{constable+86nuprl-book,
  author =    "Robert L. Constable and Stuart F. Allen and H. M. Bromley and 
               W. R. Cleaveland and J. F. Cremer and R. W. Harper and Douglas J. Howe and 
               T. B. Knoblock and N. P. Mendler and P. Panangaden and James T. Sasaki and
               Scott F. Smith",
  title="Implementing Mathematics with the {NuPRL} Proof Development System",
  publisher={Prentice Hall},
  year=1986
}

@inproceedings{altenkirch+07ott,
Author = {Thorsten Altenkirch and Conor McBride and Wouter Swierstra},
Booktitle = {Programming Languages meets Program Verification Workshop},
Title = {Observational Equality, Now!},
Year = {2007}}

@InProceedings{altenkirch99extensional,
  author = 	 {Thorsten Altenkirch},
  title = 	 {Extensional Equality in Intensional Type Theory},
  booktitle = 	 {{IEEE} {S}ymposium on {L}ogic in {C}omputer {S}cience},
  year =	 {1999}
}

@phdthesis{hofmann:thesis,
           title = {Extensional concepts in intensional type theory},
          author = {Hofmann, Martin},
          school = {University of Edinburgh},
            year = {1995},
}
@incollection {hofmann:syntax-and-semantics,
    AUTHOR = {Hofmann, Martin},
     TITLE = {Syntax and semantics of dependent types},
 BOOKTITLE = {Semantics and logics of computation ({C}ambridge, 1995)},
    SERIES = {Publ. Newton Inst.},
    VOLUME = {14},
     PAGES = {79--130},
 PUBLISHER = {Cambridge Univ. Press},
   ADDRESS = {Cambridge},
      YEAR = {1997},
   MRCLASS = {03B70 (68N15 68Q55)},
  MRNUMBER = {1629519},
       DOI = {10.1017/CBO9780511526619.004},
       URL = {http://dx.doi.org/10.1017/CBO9780511526619.004},
}

@book {martin-lof:bibliopolis,
    AUTHOR = {Martin-L{\"o}f, Per},
     TITLE = {Intuitionistic type theory},
    SERIES = {Studies in Proof Theory. Lecture Notes},
    VOLUME = {1},
  SUBTITLE = {notes by Giovanni Sambin},
 PUBLISHER = {Bibliopolis},
   ADDRESS = {Naples},
      YEAR = {1984},
     PAGES = {iv+91},
      ISBN = {88-7088-105-9},
   MRCLASS = {03B15 (03F50 03F55)},
  MRNUMBER = {769301 (86j:03005)},
MRREVIEWER = {M. M. Richter},
}

@article{coquand:paradox,
  title={The paradox of trees in type theory},
  author={Coquand, Thierry},
  journal={BIT Numerical Mathematics},
  volume={32},
  number={1},
  pages={10--14},
  year={1992},
  publisher={Springer}
}

@BOOK{conway:onag,
  title = {On numbers and games},
  publisher = {A K Peters Ltd.},
  year = {1976},
  author = {Conway, J. H.},
  pages = {xii+242},
  address = {Natick, MA},
  isbn = {1-56881-127-6},
  mrclass = {00A08 (05-01 91A05)},
  mrnumber = {MR1803095 (2001j:00008)}
}

@article {Goedel-T-1958,
    AUTHOR = {G{\"o}del, Kurt},
     TITLE = {\"{U}ber eine bisher noch nicht ben\"utzte {E}rweiterung des
              finiten {S}tandpunktes},
   JOURNAL = {Dialectica},
  FJOURNAL = {Dialectica. International Journal of Philosophy},
    VOLUME = {12},
      YEAR = {1958},
     PAGES = {280--287},
      ISSN = {0012-2017},
   MRCLASS = {02.00},
  MRNUMBER = {0102482 (21 \#1275)},
MRREVIEWER = {E. W. Beth},
}

@article {Tait-1966,
    AUTHOR = {Tait, W. W.},
     TITLE = {Intensional interpretations of functionals of finite type.
              {I}},
   JOURNAL = {J. Symbolic Logic},
  FJOURNAL = {The Journal of Symbolic Logic},
    VOLUME = {32},
      YEAR = {1967},
     PAGES = {198--212},
      ISSN = {0022-4812},
   MRCLASS = {02.32},
  MRNUMBER = {0219400 (36 \#2483)},
MRREVIEWER = {G. Kreisel},
}



@incollection {Martin-Lof-1972,
    AUTHOR = {Martin-L{\"o}f, Per},
     TITLE = {An intuitionistic theory of types},
 BOOKTITLE = {Twenty-five years of constructive type theory ({V}enice,
              1995)},
    SERIES = {Oxford Logic Guides},
    VOLUME = {36},
     PAGES = {127--172},
 PUBLISHER = {Oxford Univ. Press},
   ADDRESS = {New York},
      YEAR = {1998},
   MRCLASS = {03B15 (03F55)},
  MRNUMBER = {1686864},
}

@incollection {Martin-Lof-1973,
    AUTHOR = {Martin-L{\"o}f, Per},
     TITLE = {An intuitionistic theory of types: predicative part},
 BOOKTITLE = {Logic {C}olloquium '73 ({B}ristol, 1973)},
     PAGES = {73--118. Studies in Logic and the Foundations of Mathematics,
              Vol. 80},
 PUBLISHER = {North-Holland},
   ADDRESS = {Amsterdam},
      YEAR = {1975},
   MRCLASS = {02C15 (02D99)},
  MRNUMBER = {0387009 (52 \#7856)},
MRREVIEWER = {Horst Luckhardt},
}

@incollection {Martin-Lof-1979,
    AUTHOR = {Martin-L{\"o}f, Per},
     TITLE = {Constructive mathematics and computer programming},
 BOOKTITLE = {Logic, methodology and philosophy of science, {VI}
              ({H}annover, 1979)},
    SERIES = {Stud. Logic Found. Math.},
    VOLUME = {104},
     PAGES = {153--175},
 PUBLISHER = {North-Holland},
   ADDRESS = {Amsterdam},
      YEAR = {1982},
   MRCLASS = {03F50 (03B70 03F55 68Q45)},
  MRNUMBER = {682410 (85d:03112)},
MRREVIEWER = {B. H. Mayoh},
       DOI = {10.1016/S0049-237X(09)70189-2},
       URL = {http://dx.doi.org/10.1016/S0049-237X(09)70189-2},
}

@book {deBruijn-1973,
    AUTHOR = {de Bruijn, Nicolaas Govert},
     TITLE = {A{UTOMATH}, a language for mathematics},
      NOTE = {S{\'e}minaire de Math{\'e}matiques Sup{\'e}rieures, No. 52
              ({\'E}t{\'e} 1971)},
 PUBLISHER = {Les Presses de l'Universit\'e de Montr\'eal, Montreal, Que.},
      YEAR = {1973},
     PAGES = {62},
   MRCLASS = {68A40},
  MRNUMBER = {0416132 (54 \#4208)},
MRREVIEWER = {Charles G. Morgan},
}


@book {Streicher-1991,
    AUTHOR = {Streicher, Thomas},
     TITLE = {Semantics of type theory},
    SERIES = {Progress in Theoretical Computer Science},
      NOTE = {Correctness, completeness and independence results,
              With a foreword by Martin Wirsing},
 PUBLISHER = {Birkh\"auser Boston Inc.},
   ADDRESS = {Boston, MA},
      YEAR = {1991},
     PAGES = {xii+298},
      ISBN = {0-8176-3594-7},
   MRCLASS = {68Q55 (03B40 03B70 03F50 06B35 68Q65)},
  MRNUMBER = {1134134 (93d:68042)},
MRREVIEWER = {John C. Mitchell},
       DOI = {10.1007/978-1-4612-0433-6},
       URL = {http://dx.doi.org/10.1007/978-1-4612-0433-6},
}


@article {Hilbert-1925,
    AUTHOR = {Hilbert, David},
     TITLE = {\"{U}ber das {U}nendliche},
   JOURNAL = {Math. Ann.},
  FJOURNAL = {Mathematische Annalen},
    VOLUME = {95},
      YEAR = {1926},
    NUMBER = {1},
     PAGES = {161--190},
      ISSN = {0025-5831},
     CODEN = {MAANA},
   MRCLASS = {Contributed Item},
  MRNUMBER = {1512272},
       DOI = {10.1007/BF01206605},
       URL = {http://dx.doi.org/10.1007/BF01206605},
}

@ARTICLE{lawvere:etcs-long,
  author = {Lawvere, F. William},
  title = {An elementary theory of the category of sets (long version) with
	commentary},
  journal = {Repr. Theory Appl. Categ.},
  year = {2005},
  pages = {1--35 (electronic)},
  number = {11},
  note = {Reprinted and expanded from Proc. Nat. Acad. Sci. U.S.A. {\bf 52}
	(1964) [MR0172807], With comments by the author and Colin McLarty},
  fjournal = {Reprints in Theory and Applications of Categories},
  issn = {1201-561X},
  mrclass = {03A05 (00B60 03E99 18B05)},
  mrnumber = {MR2177727 (2006g:03009)}
}
